%YAML 1.1
%TAG !u! tag:unity3d.com,2011:
--- !u!244 &-6735798154483920009
AudioMixerEffectController:
  m_ObjectHideFlags: 3
  m_CorrespondingSourceObject: {fileID: 0}
  m_PrefabInstance: {fileID: 0}
  m_PrefabAsset: {fileID: 0}
  m_Name: 
  m_EffectID: 102aefcecd28f824c95a947e014c52b3
  m_EffectName: Attenuation
  m_MixLevel: a5990573b7c3bf44e94d0728cd8c8a01
  m_Parameters: []
  m_SendTarget: {fileID: 0}
  m_EnableWetMix: 0
  m_Bypass: 0
--- !u!243 &-1959050866579198714
AudioMixerGroupController:
  m_ObjectHideFlags: 0
  m_CorrespondingSourceObject: {fileID: 0}
  m_PrefabInstance: {fileID: 0}
  m_PrefabAsset: {fileID: 0}
  m_Name: Music
  m_AudioMixer: {fileID: 24100000}
  m_GroupID: 61f6422e3c486e141936726ff21a02fa
  m_Children: []
  m_Volume: 847a2110f61142341858c9681b60e674
  m_Pitch: 6e14f37bc1b9db149b63910e07fa071d
  m_Send: 00000000000000000000000000000000
  m_Effects:
  - {fileID: 2305394920388900775}
  m_UserColorIndex: 0
  m_Mute: 0
  m_Solo: 0
  m_BypassEffects: 0
--- !u!241 &24100000
AudioMixerController:
  m_ObjectHideFlags: 0
  m_CorrespondingSourceObject: {fileID: 0}
  m_PrefabInstance: {fileID: 0}
  m_PrefabAsset: {fileID: 0}
  m_Name: NewAudioMixer
  m_OutputGroup: {fileID: 0}
  m_MasterGroup: {fileID: 24300002}
  m_Snapshots:
  - {fileID: 24500006}
  m_StartSnapshot: {fileID: 24500006}
  m_SuspendThreshold: -80
  m_EnableSuspend: 1
  m_UpdateMode: 0
  m_ExposedParameters: []
  m_AudioMixerGroupViews:
  - guids:
    - d6c80374a0afe0b47bf2fd2ddd831ced
    - 61f6422e3c486e141936726ff21a02fa
    - 759f9bc93cc1952439859c137dfa3a6b
    name: View
  m_CurrentViewIndex: 0
  m_TargetSnapshot: {fileID: 24500006}
--- !u!243 &24300002
AudioMixerGroupController:
  m_ObjectHideFlags: 0
  m_CorrespondingSourceObject: {fileID: 0}
  m_PrefabInstance: {fileID: 0}
  m_PrefabAsset: {fileID: 0}
  m_Name: Master
  m_AudioMixer: {fileID: 24100000}
  m_GroupID: d6c80374a0afe0b47bf2fd2ddd831ced
  m_Children:
  - {fileID: -1959050866579198714}
  - {fileID: 1464879131630536752}
  m_Volume: 4d2e1ad9edae88e47833a96c54080150
  m_Pitch: abb443d446bc92a47bb6e22158db0f84
  m_Send: 00000000000000000000000000000000
  m_Effects:
  - {fileID: 24400004}
  m_UserColorIndex: 0
  m_Mute: 0
  m_Solo: 0
  m_BypassEffects: 0
--- !u!244 &24400004
AudioMixerEffectController:
  m_ObjectHideFlags: 3
  m_CorrespondingSourceObject: {fileID: 0}
  m_PrefabInstance: {fileID: 0}
  m_PrefabAsset: {fileID: 0}
  m_Name: 
  m_EffectID: 3dde5862a9fa8dc4c9f9a4f7500c61d0
  m_EffectName: Attenuation
  m_MixLevel: 86a2b1639dd1d9846bda9eb16f682b7a
  m_Parameters: []
  m_SendTarget: {fileID: 0}
  m_EnableWetMix: 0
  m_Bypass: 0
--- !u!245 &24500006
AudioMixerSnapshotController:
  m_ObjectHideFlags: 0
  m_CorrespondingSourceObject: {fileID: 0}
  m_PrefabInstance: {fileID: 0}
  m_PrefabAsset: {fileID: 0}
  m_Name: Snapshot
  m_AudioMixer: {fileID: 24100000}
  m_SnapshotID: 7b0c38bd919c80242986bff1f42201b2
  m_FloatValues: {}
  m_TransitionOverrides: {}
--- !u!243 &1464879131630536752
AudioMixerGroupController:
  m_ObjectHideFlags: 0
  m_CorrespondingSourceObject: {fileID: 0}
  m_PrefabInstance: {fileID: 0}
  m_PrefabAsset: {fileID: 0}
  m_Name: Sound Effects
  m_AudioMixer: {fileID: 24100000}
  m_GroupID: 759f9bc93cc1952439859c137dfa3a6b
  m_Children: []
  m_Volume: 8f1a635530a060746a6139da9b81123e
  m_Pitch: 9d0e427a7f5fb484a97f2777aa621d06
  m_Send: 00000000000000000000000000000000
  m_Effects:
  - {fileID: -6735798154483920009}
  m_UserColorIndex: 0
  m_Mute: 0
  m_Solo: 0
  m_BypassEffects: 0
--- !u!244 &2305394920388900775
AudioMixerEffectController:
  m_ObjectHideFlags: 3
  m_CorrespondingSourceObject: {fileID: 0}
  m_PrefabInstance: {fileID: 0}
  m_PrefabAsset: {fileID: 0}
  m_Name: 
  m_EffectID: 25b7049b8a9a75a42b49c42ebea4316b
  m_EffectName: Attenuation
  m_MixLevel: 653d0866e354f8c448f1423a6050fbf6
  m_Parameters: []
  m_SendTarget: {fileID: 0}
  m_EnableWetMix: 0
  m_Bypass: 0
